%YAML 1.1
%TAG !u! tag:unity3d.com,2011:
--- !u!1001 &100100000
Prefab:
  m_ObjectHideFlags: 1
  serializedVersion: 2
  m_Modification:
    m_TransformParent: {fileID: 0}
    m_Modifications: []
    m_RemovedComponents: []
  m_ParentPrefab: {fileID: 0}
  m_RootGameObject: {fileID: 1525357481993412}
  m_IsPrefabParent: 1
--- !u!1 &1525357481993412
GameObject:
  m_ObjectHideFlags: 0
  m_PrefabParentObject: {fileID: 0}
  m_PrefabInternal: {fileID: 100100000}
  serializedVersion: 5
  m_Component:
  - component: {fileID: 4761371470814310}
  - component: {fileID: 114140178306274864}
  - component: {fileID: 82359369833473386}
  m_Layer: 0
  m_Name: SoundManager
  m_TagString: Untagged
  m_Icon: {fileID: 0}
  m_NavMeshLayer: 0
  m_StaticEditorFlags: 0
  m_IsActive: 1
--- !u!4 &4761371470814310
Transform:
  m_ObjectHideFlags: 1
  m_PrefabParentObject: {fileID: 0}
  m_PrefabInternal: {fileID: 100100000}
  m_GameObject: {fileID: 1525357481993412}
  m_LocalRotation: {x: 0, y: 0, z: 0, w: 1}
  m_LocalPosition: {x: 0, y: 0, z: 0}
  m_LocalScale: {x: 1, y: 1, z: 1}
  m_Children: []
  m_Father: {fileID: 0}
  m_RootOrder: 0
  m_LocalEulerAnglesHint: {x: 0, y: 0, z: 0}
--- !u!82 &82359369833473386
AudioSource:
  m_ObjectHideFlags: 1
  m_PrefabParentObject: {fileID: 0}
  m_PrefabInternal: {fileID: 100100000}
  m_GameObject: {fileID: 1525357481993412}
  m_Enabled: 1
  serializedVersion: 4
  OutputAudioMixerGroup: {fileID: 0}
  m_audioClip: {fileID: 0}
  m_PlayOnAwake: 1
  m_Volume: 1
  m_Pitch: 1
  Loop: 1
  Mute: 0
  Spatialize: 0
  SpatializePostEffects: 0
  Priority: 128
  DopplerLevel: 1
  MinDistance: 1
  MaxDistance: 500
  Pan2D: 0
  rolloffMode: 0
  BypassEffects: 0
  BypassListenerEffects: 0
  BypassReverbZones: 0
  rolloffCustomCurve:
    serializedVersion: 2
    m_Curve:
    - serializedVersion: 2
      time: 0
      value: 1
      inSlope: 0
      outSlope: 0
      tangentMode: 0
    - serializedVersion: 2
      time: 1
      value: 0
      inSlope: 0
      outSlope: 0
      tangentMode: 0
    m_PreInfinity: 2
    m_PostInfinity: 2
    m_RotationOrder: 4
  panLevelCustomCurve:
    serializedVersion: 2
    m_Curve:
    - serializedVersion: 2
      time: 0
      value: 0
      inSlope: 0
      outSlope: 0
      tangentMode: 0
    m_PreInfinity: 2
    m_PostInfinity: 2
    m_RotationOrder: 0
  spreadCustomCurve:
    serializedVersion: 2
    m_Curve:
    - serializedVersion: 2
      time: 0
      value: 0
      inSlope: 0
      outSlope: 0
      tangentMode: 0
    m_PreInfinity: 2
    m_PostInfinity: 2
    m_RotationOrder: 4
  reverbZoneMixCustomCurve:
    serializedVersion: 2
    m_Curve:
    - serializedVersion: 2
      time: 0
      value: 1
      inSlope: 0
      outSlope: 0
      tangentMode: 0
    m_PreInfinity: 2
    m_PostInfinity: 2
    m_RotationOrder: 0
--- !u!114 &114140178306274864
MonoBehaviour:
  m_ObjectHideFlags: 1
  m_PrefabParentObject: {fileID: 0}
  m_PrefabInternal: {fileID: 100100000}
  m_GameObject: {fileID: 1525357481993412}
  m_Enabled: 1
  m_EditorHideFlags: 0
  m_Script: {fileID: 11500000, guid: d542e4f9cf9a29a43b62c461a4f0af86, type: 3}
  m_Name: 
  m_EditorClassIdentifier: 
  musics:
  - {fileID: 8300000, guid: 2829923e7e852dd469390347facfb660, type: 3}
  - {fileID: 8300000, guid: bba89455fdfe83541a1e695f38911d07, type: 3}
  - {fileID: 8300000, guid: 6b43e6ff64affd941ab13dbdb44dda5c, type: 3}
  validationSound: {fileID: 8300000, guid: 32af32c56ed837f4f8b99829c9d69b06, type: 3}
  hurtSound: {fileID: 8300000, guid: d6470b3e27b99f241a542b059c0500b8, type: 3}
  bossSounds:
  - {fileID: 8300000, guid: 8849cbeadd7cba346b849f228ac6dcc0, type: 3}
  - {fileID: 8300000, guid: 298950737665e2f43b2b096247fbe7c2, type: 3}
  - {fileID: 8300000, guid: e26eba70f0862644c9107f3ee71940f0, type: 3}
  - {fileID: 8300000, guid: e2c6d87bfe15d6e42b0d171f9d4d49d4, type: 3}
  - {fileID: 8300000, guid: 184d8c7d0f9b1274188e5192e2771850, type: 3}
  - {fileID: 8300000, guid: 165700637daf0c44494543911eb196dc, type: 3}
  - {fileID: 8300000, guid: 7288aa4a1dc9b474fb78dafede2b9582, type: 3}
  - {fileID: 8300000, guid: 133c11b8df63bb14bade4add6c33cbfd, type: 3}
